<?xml version="1.0" encoding="UTF-8"?><collection xmlns="http://www.loc.gov/MARC21/slim"><record><leader>00391nam--2200133-i-4500</leader><controlfield tag="001">000036879</controlfield><controlfield tag="002">20161230</controlfield><controlfield tag="005">20161230201041</controlfield><controlfield tag="008">060222s1000------------r-----000-0-eng-d</controlfield><datafield ind1=" " ind2=" " tag="080"><subfield code="a">524.3(083.8)</subfield></datafield><datafield ind1=" " ind2=" " tag="100"><subfield code="a">Popescu,P., Toma,E. Si Tudor,E</subfield></datafield><datafield ind1=" " ind2=" " tag="245"><subfield code="a">Bucharest catalogue of npzi stars declination + 49 to 50 equinox 1950,o</subfield></datafield><datafield ind1=" " ind2=" " tag="260"><subfield code="a">Bucharest, Central Inst.Of Ph.,1987.57p</subfield></datafield><datafield ind1=" " ind2=" " tag="852"><subfield code="a">D2176</subfield></datafield></record></collection>